@article{Aamodt:2011mr,
      author         = "Aamodt, K. and others",
      title          = "{Two-pion Bose-Einstein correlations in central Pb-Pb
                        collisions at $sqrt(s_NN)$ = 2.76 TeV}",
      collaboration  = "ALICE Collaboration",
      journal        = "Phys.Lett.",
      volume         = "B696",
      pages          = "328-337",
      doi            = "10.1016/j.physletb.2010.12.053",
      year           = "2011",
      eprint         = "1012.4035",
      archivePrefix  = "arXiv",
      primaryClass   = "nucl-ex",
      reportNumber   = "CERN-PH-EP-ALICE-2010-006",
      SLACcitation   = "%%CITATION = ARXIV:1012.4035;%%",
}



@article{Gos:2007cj,
      author         = "Gos, H.P.",
      title          = "{Proton proton, anti-proton anti-proton, proton
                        anti-proton correlations in Au + Au collisions measured by
                        STAR at RHIC}",
      journal        = "Eur.Phys.J.",
      volume         = "C49",
      pages          = "75-80",
      doi            = "10.1140/epjc/s10052-006-0099-0",
      year           = "2007",
      SLACcitation   = "%%CITATION = EPHJA,C49,75;%%",
}



@article{Abelev:2012ms,
      author         = "Abelev, B. and others",
      title          = "{$K^0_s-K^0_s$ correlations in $pp$ collisions at
                        $\sqrt{s}=7$ TeV from the LHC ALICE experiment}",
      collaboration  = "ALICE Collaboration",
      year           = "2012",
      eprint         = "1206.2056",
      archivePrefix  = "arXiv",
      primaryClass   = "hep-ex",
      reportNumber   = "CERN-PH-EP-2012-160",
      SLACcitation   = "%%CITATION = ARXIV:1206.2056;%%",
}




@article{PhysRevLett.38.195,
  title = {Perhaps a Stable Dihyperon},
  author = {Jaffe, R. L.},
  journal = {Phys. Rev. Lett.},
  volume = {38},
  issue = {5},
  pages = {195--198},
  year = {1977},
  month = {Jan},
  doi = {10.1103/PhysRevLett.38.195},
  url = {http://link.aps.org/doi/10.1103/PhysRevLett.38.195},
  publisher = {American Physical Society}
}


@Misc{Szymanski:2012AN,
  title = "{Two-proton correlations in Pb--Pb collisions at $\sqrt{s_{NN}}=2.76$ TeV from the ALICE experiment at the LHC}",
  author = {Szymanski, M. and others},
  year = {2012},
	howpublished = "\url{http://aliceinfo.cern.ch/Notes/node/62}"
}


@article{Florkowski:2010zz,
      author         = "Florkowski, Wojciech",
      title          = "{Phenomenology of Ultra-Relativistic Heavy-Ion
                        Collisions}",
      year           = "2010",
      reportNumber   = "ISBN-9789814280662",
      SLACcitation   = "%%CITATION = ISBN-9789814280662 ETC.;%%",
}